[gd_scene load_steps=7 format=2]

[ext_resource path="res://assets/newspaper_images/sneezy_boi.png" type="Texture" id=1]
[ext_resource path="res://components/newspaper/newspaper_item.gd" type="Script" id=2]
[ext_resource path="res://assets/fonts/domine.ttf" type="DynamicFontData" id=3]
[ext_resource path="res://assets/fonts/domine_bold.ttf" type="DynamicFontData" id=4]

[sub_resource type="DynamicFont" id=1]
size = 50
font_data = ExtResource( 4 )

[sub_resource type="DynamicFont" id=2]
size = 32
font_data = ExtResource( 3 )

[node name="Control" type="ColorRect"]
anchor_left = 0.5
anchor_top = 0.5
anchor_right = 0.5
anchor_bottom = 0.5
margin_left = -350.0
margin_top = -250.0
margin_right = 350.0
margin_bottom = 250.0
rect_min_size = Vector2( 500, 400 )
rect_pivot_offset = Vector2( 250, 200 )
color = Color( 0.933333, 0.909804, 0.843137, 1 )
script = ExtResource( 2 )
__meta__ = {
"_edit_use_anchors_": false
}

[node name="VBoxContainer" type="VBoxContainer" parent="."]
anchor_right = 1.0
anchor_bottom = 1.0
margin_left = 15.0
margin_top = 15.0
margin_right = -15.0
margin_bottom = -15.0
__meta__ = {
"_edit_use_anchors_": false
}

[node name="TitleLabel" type="Label" parent="VBoxContainer"]
margin_right = 680.0
margin_bottom = 117.0
rect_min_size = Vector2( 680, 0 )
custom_fonts/font = SubResource( 1 )
custom_colors/font_color = Color( 0.301961, 0.301961, 0.301961, 1 )
text = "2020 is the worst year of the 2020s yet"
align = 1
autowrap = true
__meta__ = {
"_edit_use_anchors_": false
}

[node name="HBoxContainer" type="HBoxContainer" parent="VBoxContainer"]
margin_top = 121.0
margin_right = 680.0
margin_bottom = 471.0
custom_constants/separation = 30

[node name="TextLabel" type="Label" parent="VBoxContainer/HBoxContainer"]
margin_top = 76.0
margin_right = 400.0
margin_bottom = 273.0
rect_min_size = Vector2( 400, 0 )
custom_fonts/font = SubResource( 2 )
custom_colors/font_color = Color( 0.301961, 0.301961, 0.301961, 1 )
text = "Lorem ipsum dolor sit amed. Lorem ipsum dolor sit amed. Lorem ipsum dolor sit amed. Lorem ipsum dolor sit amed."
align = 3
autowrap = true
__meta__ = {
"_edit_use_anchors_": false
}

[node name="Image" type="TextureRect" parent="VBoxContainer/HBoxContainer"]
margin_left = 430.0
margin_right = 670.0
margin_bottom = 350.0
rect_min_size = Vector2( 240, 350 )
texture = ExtResource( 1 )
expand = true
stretch_mode = 6
